<?xml version="1.0" encoding="UTF-8"?><record xmlns="http://www.loc.gov/MARC21/slim" xmlns:cinclude="http://apache.org/cocoon/include/1.0" xmlns:zs="http://www.loc.gov/zing/srw/">
  <leader>00936cz  a2200169n  4500</leader>
  <controlfield tag="001">n 2007205596</controlfield>
  <controlfield tag="003">DLC</controlfield>
  <controlfield tag="005">20120816081152.0</controlfield>
  <controlfield tag="008">070130n| acannaabn          |a ana      </controlfield>
  <datafield tag="010" ind1=" " ind2=" ">
    <subfield code="a">n 2007205596</subfield>
  </datafield>
  <datafield tag="040" ind1=" " ind2=" ">
    <subfield code="a">DLC</subfield>
    <subfield code="b">eng</subfield>
    <subfield code="c">DLC</subfield>
    <subfield code="d">DLC</subfield>
  </datafield>
  <datafield tag="111" ind1="2" ind2=" ">
    <subfield code="a">Conferência Nacional de Ciência, Tecnologia e Inovação em Saúde</subfield>
  </datafield>
  <datafield tag="411" ind1="2" ind2=" ">
    <subfield code="a">CNCTIS</subfield>
  </datafield>
  <datafield tag="511" ind1="2" ind2=" ">
    <subfield code="w">a</subfield>
    <subfield code="a">Conferência Nacional de Ciência e Tecnologia em Saúde</subfield>
  </datafield>
  <datafield tag="667" ind1=" " ind2=" ">
    <subfield code="a">THIS 1XX FIELD CANNOT BE USED UNDER RDA UNTIL THIS RECORD HAS BEEN REVIEWED AND/OR UPDATED</subfield>
  </datafield>
  <datafield tag="670" ind1=" " ind2=" ">
    <subfield code="a">Conferência Nacional de Ciência, Tecnologia e Inovação em Saúde (2nd : 2004 : Brasília, Brazil). 2a CNCTIS 2004, 2004:</subfield>
    <subfield code="b">t.p. (Conferência Nacional de Ciência, Tecnologia e Inovação em Saúde; held July 25-28, 2004 in Brasília)</subfield>
  </datafield>
  <datafield tag="675" ind1=" " ind2=" ">
    <subfield code="a">Anais da I Conferência Nacional de Ciência e Tecnologia em Saúde, 1994: t.p. (held Oct. 24-28, 1994, Brasília, Brazil) p. 5 (I CNCTS)</subfield>
  </datafield>
</record>